<record><leader>00000cas a22000007a 4500</leader><controlfield tag="001">20255815</controlfield><controlfield tag="008">890825d18811943pauwr ne      0    0eng d</controlfield><datafield ind1=" " ind2=" " tag="010"><subfield code="a">sn 89077272 </subfield></datafield><datafield ind1=" " ind2=" " tag="040"><subfield code="a">NPH</subfield><subfield code="b">eng</subfield><subfield code="c">NPH</subfield><subfield code="d">OCLCQ</subfield></datafield><datafield ind1=" " ind2=" " tag="042"><subfield code="a">msc</subfield></datafield><datafield ind1="0" ind2=" " tag="130"><subfield code="a">Central news (Perkasie, Pa.)</subfield></datafield><datafield ind1="1" ind2="4" tag="245"><subfield code="a">The central news.</subfield></datafield><datafield ind1=" " ind2=" " tag="260"><subfield code="a">Perkasie, Pa. :</subfield><subfield code="b">Mahlon S. Sellers,</subfield><subfield code="c">1881-1943.</subfield></datafield><datafield ind1=" " ind2=" " tag="300"><subfield code="a">v. :</subfield><subfield code="b">ill. (chiefly advertisements) ;</subfield><subfield code="c">59-66 cm.</subfield></datafield><datafield ind1=" " ind2=" " tag="321"><subfield code="a">Weekly</subfield></datafield><datafield ind1="0" ind2=" " tag="362"><subfield code="a">Vol. 1, no. 1 (June 9, 1881)-v. 62, no. 3257 (Oct. 28, 1943).</subfield></datafield><datafield ind1=" " ind2=" " tag="752"><subfield code="a">United States</subfield><subfield code="b">Pennsylvania</subfield><subfield code="c">Bucks</subfield><subfield code="d">Perkasie.</subfield></datafield><datafield ind1="0" ind2="7" tag="785"><subfield code="t">Sellersville herald</subfield><subfield code="w">(DLC)sn 89077273</subfield></datafield><datafield ind1="0" ind2="7" tag="785"><subfield code="t">Central news Sellersville herald</subfield><subfield code="w">(DLC)sn 88080958</subfield></datafield></record>